@book{leishman-2000,
	author = {Leishman, J. Gordon},
	month = {6},
	title = {{Principles of Helicopter Aerodynamics}},
	year = {2000},
	url = {https://ci.nii.ac.jp/ncid/BA47851005},
}
@book{dries-2003,
	author = {Dries, David J and Watkinson, John},
	month = {12},
	title = {{The Art of the Helicopter}},
	year = {2003},
	url = {https://openlibrary.org/books/OL7972432M/Art_of_the_Helicopter},
}

@misc{Pescara-1930,
  author = {Unknown},
  title = {Barcelona.- Hubschrauber “Pescara Typ 4S” von Raúl Pateras Pescara beim Senk\-recht-Start},
  year = {1930},
  note = {Last vist: 05.12.2024},
  note = {Bundesarchiv Bild 102-12592 on https://bundesarchiv.de},
}
